@book{stroustrup2011lenguaje,
  title={El lenguaje de programaci{\'o}n C++},
  author={Stroustrup, Bjarne},
  year={2011},
  publisher={Addison-Wesley}
}

@misc{deitel1995programar,
  title={Como Programar en C/C++ Ed},
  author={Deitel, HM and Deitel, PJ},
  year={1995},
  publisher={Prentice Hall}
}

@article{van2014beginning,
  title={Beginning Programming with C++ For Dummies},
  author={van Tuil, Marouan D},
  year={2014},
  publisher={CreateSpace Independent Publishing Platform}
}