@article{joyanes2001programacion,
  title={Programaci{\'o}n en C: metodolog{\'\i}a, algoritmos, estructura de datos},
  author={Joyanes Aguilar, Luis and Zahonero Mart{\'\i}nez, Ignacio and others},
  year={2001}
}

@book{deitel2003programar,
  title={Como programar en C++},
  author={Deitel, Harvey M and Deitel, Paul J},
  year={2003},
  publisher={Pearson educaci{\'o}n}
}

@article{campos1995estructuras,
  title={Estructuras de datos y algoritmos},
  author={Campos, Javier and MART{\'I}NEZ, J and VELILLA, S},
  journal={Prensas Universitarias de Zaragoza},
  year={1995}
}

@book{wirth1980algoritmos,
  title={Algoritmos m{\'a}s estructuras de datos, programas},
  author={Wirth, Niklaus},
  volume={7},
  year={1980},
  publisher={Ediciones del Castillo}
}